@BOOK{barone,
    AUTHOR = "Vincenzo Barone",
    TITLE  = "Relativit\`a",
    PUBLISHER = {Bollati Boringhieri},
    ADDRESS = {Torino},
    YEAR   =  {2004},
    MONTH  = {Novembre}                 }
@MISC{marchetti,
    AUTHOR = "PierAlberto Marchetti",
    TITLE = "Lezioni di Istituzioni di Relativit\`a",
    ADDRESS = {Padova},
    YEAR = {2005},
    MONTH = {Maggio-Giugno}             }
@UNPUBLISHED{moretti,
    AUTHOR = "Valter Moretti",
    TITLE = "La struttura Geometrica della Teoria della Relativit\`a Speciale",
    NOTE = "Corso di Metodi Geometrici in Fisica Matematica",
    ADDRESS = {Universit\`a di Trento, Dipartimento di Matematica},
    YEAR = {2002-2003}                  }
@BOOK{gdmdue,
    AUTHOR = "Giuseppe De Marco",
    TITLE  = "Analisi Due",
    PUBLISHER = {Decibel-Zanichelli},
    ADDRESS = {Padova},
    YEAR   =  {1999},
    MONTH  = {Giugno}                 }
@BOOK{bettini,
  AUTHOR =       {Alessandro Bettini},
  TITLE =        {Meccanica e Termodinamica},
  PUBLISHER =    {Decibel-Zanichelli},
  YEAR =         {1995}               }
@ARTICLE{fitz,
	AUTHOR = {George Francis FitzGerald},
	TITLE = {The Ether and the Earth Atmosphere},
	JOURNAL = {Science},
	YEAR = {1899}		}
	
@BOOK{loris1895,
	AUTHOR = {Hendrik Antoon Lorentz},
	TITLE =  {Versuch einer Theorie der elektrischen und optischen Erscheinungen in betwegen 
	K\"orpen},
	PUBLISHER = {Brill},
	YEAR = {1895},
	ADDRESS = {Leiden}	}
	
@ARTICLE{loris1892,
	AUTHOR = {Hendrik Antoon Lorentz},
	TITLE =  {La th\'eorie \'electromagnetique de \mbox{M}axwell et son application aux corps mouvants},
        JOURNAL = {Archives Neerlandaises},
	YEAR = {1892},          }


@ARTICLE{carro1,
	AUTHOR = {Jules Henry Poincar\'e},
	TITLE = {Sur la dynamique de l'\'electron},
	JOURNAL = {Rendiconti del Circolo Matematico di Palermo},
	YEAR = {1906},
	}
	
@MISC{carro2,
    AUTHOR = {Jules Henry Poincar\'e},
    TITLE = {L'\'Etat actuel e l'avenir de la Physique Math\'ematique },
    ADDRESS = {St. Louis},
    YEAR = {1904},
    MONTH = {Settembre}             }

@BOOK{carro4,
      AUTHOR = {Jules Henry Poincar\'e},
      TITLE = {La Science et l'hypoth\`ese},
      PUBLISHER = {Flammarion},
      YEAR = {1902},
      ADRESS = {Paris}             }      

    
@ARTICLE{alberto,
	AUTHOR = {Albert Einstein},
	TITLE = {Zur Elektrodynamik bewegter K\"orper},
	JOURNAL = {Annalen der Physik},
	YEAR = {1905}		}
@ARTICLE{carro3,
	AUTHOR = {Jules Henry Poincar\'e},
        TITLE = {La Th\'eorie de \mbox{L}orentz et le Principe de R\'eaction},
        JOURNAL = {Archives Neerlandaises},
        YEAR = {1900b}		}

@ARTICLE{carro5,
        AUTHOR = {Jules Henry Poincar\'e},
        TITLE = {La mesure du temps},
        YEAR = {1898},
        JOURNAL = {Revue de m\'etaphysique et de morale}          } 
